
@article{Li2016Underwater,
	title={Underwater Image Enhancement by Dehazing With Minimum Information Loss and Histogram Distribution Prior},
	author={Li, Chong Yi and Guo, Ji Chang and Cong, Run Min and Pang, Yan Wei and Wang, Bo},
	journal={IEEE TIP},
	pages={5664-5677},
	year={2016},
}
@article{galdran2015automatic,
	title={Automatic red-channel underwater image restoration},
	author={Galdran, Adrian and Pardo, David and Pic{\'o}n, Artzai and Alvarez-Gila, Aitor},
	journal={Journal of Visual Communication and Image Representation},
	pages={132--145},
	publisher={Elsevier}
}
@article{li2016underwater,
  title={Underwater image enhancement by dehazing with minimum information loss and histogram distribution prior},
  author={Li, Chong-Yi and Guo, Ji-Chang and Cong, Run-Min and Pang, Yan-Wei and Wang, Bo},
  journal={IEEE TIP},
  pages={5664--5677},
  publisher={IEEE}
}
@article{kim2013optimized,
	title={Optimized contrast enhancement for real-time image and video dehazing},
	author={Kim, Jin-Hwan and Jang, Won-Dong and Sim, Jae-Young and Kim, Chang-Su},
	journal={Journal of Visual Communication and Image Representation},
	pages={410--425},
	publisher={Elsevier}
}