@article{He2011Single,
  title={Single Image Haze Removal Using Dark Channel Prior},
  author={He, Kaiming and Sun, Jian and Tang, Xiaoou},
  journal={IEEE Transactions on Pattern Analysis & Machine Intelligence},
  volume={33},
  number={12},
  pages={2341-2353},
  year={2011},
}